
@article{MoerGOO,
    title = {Building Query Compilers},
    year = {31.01.2025},
    author = {Guido Moerkotte},
    pages = {48 - 49}
}

@article{IDP,
    title = {Iterative Dynamic Programming: A New Class of Query Optimization Algorithms},
    author = {Donald Kossmann, Konrad Stocker}
}

@article{KBZ,
    title = {Optimization of Nonrecursive Queries},
    author = {Ravi Krishnamurthy, Haran Boral, Carlo Zaniolo},
    journal = {VLDB '86: Proceedings of the 12th International Conference on Very Large Data Bases},
    pages = {128-137},
    year = {1986}
}

@article{IK,
    title = {On the optimal nesting order for computing N-relational joins},
    author = {Toshihide Ibaraki, Tiko Kameda},
    journal = {ACM Transactions on Database Systems (TODS), Volume 9, Issue 3},
    pages = {482 - 502},
    year = {1984}
}

@article{DPhyp,
    title = {Dynamic Programming Strikes Back},
    journal={SIGMOD’08, June 9–12, 2008, Vancouver, BC, Canada.},
    author = {Guido Moerkotte, Thomas Neumann},
}

@article{LinDP,
    title = {LinDP++: Generalizing Linearized DP to Crossproducts and Non-Inner Joins},
    journal={Lecture Notes in Informatics (LNI), Gesellschaft für Informatik, Bonn 2018},
    author = {Bernhard Radke, Thomas Neumann},
}

@article{Adaptive,
    title = {Adaptive Optimization of Very Large Join Queries},
    journal={In Proceedings of 2018 International Conference on Management of Data, Houston, TX, USA, June 10–15, 2018 (SIGMOD’18), 16 pages},
    author = {Thomas Neumann, Bernhard Radke},
}